@inproceedings{Goodin2016,
author="Goodin, Michael M.
and Farman, Mark
and Inocencio, Harrison
and Jang, Chanyong
and Jaromczyk, Jerzy W.
and Moore, Neil
and Sovacool, Kelly",
title="Processing RNA-Seq data of plants infected with coffee ringspot virus",
booktitle="Proceedings of the 15th Annual UT-KBRIN Bioinformatics Summit 2016",
journal="BMC Bioinformatics",
year="2016",
month="Aug",
day="19",
volume="17",
number="10",
pages="297",
issn="1471-2105",
doi="10.1186/s12859-016-1154-y",
url="https://doi.org/10.1186/s12859-016-1154-y"
}

